@article{wang2023cooperative,
  title={{Cooperative Motion Planning for Persistent 3D Visual Coverage With Multiple Quadrotor UAVs}},
  author={Wang, Hongpeng and Song, Shangyuan and Guo, Qianghui and Xu, Dian and Zhang, Xiaoyang and Wang, Peizhao},
  journal={IEEE Transactions on Automation Science and Engineering},
  year={2023},
  publisher={IEEE}
}
